@inproceedings{replab2013overview,
  title = {{Overview of RepLab 2013: Evaluating Online Reputation Monitoring Systems}},
  author = {Amig{\'o}, E. and {Carrillo de Albornoz}, J. and Chugur, I. and Corujo, A. and Gonzalo, J. and Mart{\'i}n, T. and Meij, E. and de Rijke, M. and Spina, D.},
  pages = {333--352},
  booktitle = {{Proceedings of the Fourth International  Conference of the CLEF initiative}},
  year = {2013}
}

@article{peters2018deep,
  title={Deep contextualized word representations},
  author={Peters, Matthew E and Neumann, Mark and Iyyer, Mohit and Gardner, Matt and Clark, Christopher and Lee, Kenton and Zettlemoyer, Luke},
  journal={arXiv preprint arXiv:1802.05365},
  year={2018}
}

@article{howard2018universal,
  title={Universal language model fine-tuning for text classification},
  author={Howard, Jeremy and Ruder, Sebastian},
  journal={arXiv preprint arXiv:1801.06146},
  year={2018}
}

@article{radford2018improving,
  title={Improving language understanding by generative pre-training},
  author={Radford, Alec and Narasimhan, Karthik and Salimans, Tim and Sutskever, Ilya},
  journal={URL https://s3-us-west-2. amazonaws. com/openai-assets/research-covers/languageunsupervised/language understanding paper. pdf},
  year={2018}
}

@article{devlin2018bert,
  title={Bert: Pre-training of deep bidirectional transformers for language understanding},
  author={Devlin, Jacob and Chang, Ming-Wei and Lee, Kenton and Toutanova, Kristina},
  journal={arXiv preprint arXiv:1810.04805},
  year={2018}
}

@inproceedings{biaziotis2017datastories,
  title={Datastories at semeval-2017 task 4: Deep lstm with attention for message-level and topic-based sentiment analysis},
  author={Baziotis, Christos and Pelekis, Nikos and Doulkeridis, Christos},
  booktitle={Proceedings of the 11th international workshop on semantic evaluation (SemEval-2017)},
  pages={747--754},
  year={2017}
}